|0000|LECD|20200101|20201212|||||0|||
|0001|0|
|0990|3|
|I001|0|
|I010|0|0|
|I030|TERMO DE ABERTURA|||27|||||||
|I990|4|
|J001|0|
|J900|TERMO DE ENCERRAMENTO||||27|||
|J990|3|
|9001|1|
|9900|0000|1||9900|0001|1||9900|0990|1||9900|I001|1||9900|I010|1||9900|I030|1||9900|I990|1||9900|J001|1||9900|J900|1||9900|J990|1||9900|9001|1||9900|9900|13||9900|9990|1||9900|9999|1|
|9990|17|
|9999|27|
